<record><leader>00000cas a2200000 a 4500</leader><controlfield tag="001">14373390</controlfield><controlfield tag="008">861010d19021971nyumr ne      0    0rus  </controlfield><datafield ind1=" " ind2=" " tag="010"><subfield code="a">sn 86072019 </subfield></datafield><datafield ind1=" " ind2=" " tag="040"><subfield code="a">DLC</subfield><subfield code="b">eng</subfield><subfield code="c">DLC</subfield><subfield code="d">NPH</subfield><subfield code="d">YOX</subfield><subfield code="d">OCL</subfield><subfield code="d">CRL</subfield><subfield code="d">NVF</subfield><subfield code="d">OCLCO</subfield><subfield code="d">OCLCQ</subfield><subfield code="d">OCLCF</subfield></datafield><datafield ind1=" " ind2=" " tag="019"><subfield code="a">9447225</subfield></datafield><datafield ind1="1" ind2=" " tag="029"><subfield code="a">AU@</subfield><subfield code="b">000020037353</subfield></datafield><datafield ind1="0" ind2=" " tag="041"><subfield code="a">ukreng</subfield></datafield><datafield ind1=" " ind2=" " tag="042"><subfield code="a">pcc</subfield></datafield><datafield ind1=" " ind2=" " tag="043"><subfield code="a">n-us---</subfield></datafield><datafield ind1="0" ind2="0" tag="050"><subfield code="a">Newspaper 9480</subfield></datafield><datafield ind1="0" ind2=" " tag="130"><subfield code="a">Pravda (New York, N.Y.)</subfield></datafield><datafield ind1="1" ind2="0" tag="245"><subfield code="a">Pravda.</subfield></datafield><datafield ind1="1" ind2="3" tag="246"><subfield code="a">Truth</subfield></datafield><datafield ind1=" " ind2=" " tag="260"><subfield code="a">New York, N.Y. :</subfield><subfield code="b">Pravda Pub. Co.</subfield></datafield><datafield ind1=" " ind2=" " tag="300"><subfield code="a">v.</subfield></datafield><datafield ind1=" " ind2=" " tag="310"><subfield code="a">Monthly,</subfield><subfield code="b">&lt;Jan. 1968&gt;-1971</subfield></datafield><datafield ind1=" " ind2=" " tag="321"><subfield code="a">Weekly,</subfield><subfield code="b">&lt;Jan. 15, 1903&gt;-July 1914</subfield></datafield><datafield ind1=" " ind2=" " tag="321"><subfield code="a">Semiweekly,</subfield><subfield code="b">Aug. 1914-Feb. 11, 1944</subfield></datafield><datafield ind1=" " ind2=" " tag="321"><subfield code="a">Weekly,</subfield><subfield code="b">Feb. 18, 1944-Nov. 3, 1965</subfield></datafield><datafield ind1=" " ind2=" " tag="321"><subfield code="a">Biweekly,</subfield><subfield code="b">Nov. 17, 1965-&lt;Nov. 15, 1967&gt;</subfield></datafield><datafield ind1="1" ind2=" " tag="362"><subfield code="a">Began in 1902.</subfield></datafield><datafield ind1="0" ind2=" " tag="362"><subfield code="a">-v. 69, no. 2 (Feb. 1971).</subfield></datafield><datafield ind1=" " ind2=" " tag="500"><subfield code="a">&quot;Gazeta dli&#65056;a&#65057; russkogo naroda v Spoluchenykh Derzhavakh i Kanadi&#65056;e&#65057; i organ 'Obshchestva Russkikh Bratstv'.&quot;</subfield></datafield><datafield ind1=" " ind2=" " tag="500"><subfield code="a">Most of the issues have a parallel title: Truth; beginning with Feb. 1968 the title reversed with Pravda becoming a parallel title.</subfield></datafield><datafield ind1=" " ind2=" " tag="500"><subfield code="a">Published in: Olyphant, Pa. May 17, 1906-&lt;Nov. 10, 1922&gt;, and: Philadelphia, Pa., &lt;Jan. 5, 1923-Apr. 11, 1951&gt;.</subfield></datafield><datafield ind1=" " ind2=" " tag="530"><subfield code="a">Also issued on microfilm from the Center for Research Libraries.</subfield></datafield><datafield ind1=" " ind2=" " tag="546"><subfield code="a">In Carpatho-Ruthenian (Ukrainian) and English.</subfield></datafield><datafield ind1=" " ind2=" " tag="550"><subfield code="a">"Organ of the Russian Brotherhood Organization of America," Jan. 2, 1908-</subfield></datafield><datafield ind1=" " ind2=" " tag="588"><subfield code="a">Description based on: God 2, chis. 2 (Jan. 15, 1903).</subfield></datafield><datafield ind1=" " ind2="0" tag="650"><subfield code="a">Ruthenians</subfield><subfield code="z">United States</subfield><subfield code="v">Newspapers.</subfield></datafield><datafield ind1=" " ind2="7" tag="655"><subfield code="a">Newspapers.</subfield><subfield code="2">fast</subfield><subfield code="0">(OCoLC)fst01423814</subfield></datafield><datafield ind1=" " ind2="7" tag="650"><subfield code="a">Ruthenians.</subfield><subfield code="2">fast</subfield><subfield code="0">(OCoLC)fst01102572</subfield></datafield><datafield ind1=" " ind2="7" tag="651"><subfield code="a">United States.</subfield><subfield code="2">fast</subfield><subfield code="0">(OCoLC)fst01204155</subfield></datafield><datafield ind1="2" ind2=" " tag="710"><subfield code="a">Russian Brotherhood Organization of the U.S.A.</subfield></datafield><datafield ind1=" " ind2=" " tag="752"><subfield code="a">United States</subfield><subfield code="b">New York</subfield><subfield code="c">New York</subfield><subfield code="d">New York.</subfield></datafield><datafield ind1=" " ind2=" " tag="752"><subfield code="a">United States</subfield><subfield code="b">Pennsylvania</subfield><subfield code="c">Lackawanna</subfield><subfield code="d">Olyphant.</subfield></datafield><datafield ind1=" " ind2=" " tag="752"><subfield code="a">United States</subfield><subfield code="b">Pennsylvania</subfield><subfield code="c">Philadelphia</subfield><subfield code="d">Philadelphia.</subfield></datafield><datafield ind1="1" ind2=" " tag="776"><subfield code="c">Microfilm</subfield><subfield code="d">Center for Research Libraries</subfield><subfield code="w">(DLC)sn 94021246</subfield><subfield code="w">(OCoLC)29899641</subfield></datafield><datafield ind1="0" ind2="0" tag="785"><subfield code="t">Truth (Philadelphia, Pa.)</subfield><subfield code="w">(DLC)sn 93062833</subfield><subfield code="w">(OCoLC)27328014</subfield></datafield></record>